<collection xmlns="http://www.loc.gov/MARC21/slim">
<record>
  <leader>01877nam0a2200289 i 450 </leader>
  <controlfield tag="001">IT\ICCU\CNCE\069788</controlfield>
  <controlfield tag="005">20070220000000.0</controlfield>
  <datafield tag="012" ind1=" " ind2=" ">
    <subfield code="a">oare s.o, oila nequ (3) 1595 (A)</subfield>
    <subfield code="2">fei</subfield>
  </datafield>
  <datafield tag="100" ind1=" " ind2=" ">
    <subfield code="a">20070220d1595        0itac0103    ba</subfield>
  </datafield>
  <datafield tag="101" ind1=" " ind2=" ">
    <subfield code="a">ITA</subfield>
  </datafield>
  <datafield tag="102" ind1=" " ind2=" ">
    <subfield code="a">IT</subfield>
  </datafield>
  <datafield tag="200" ind1="1" ind2=" ">
    <subfield code="a">Specchio ecclesiastico diuiso in tre parti; del m.r.p.d. Genesio Minucci fiorentino di Radda, priore di S. Mercuriale di Forl, dell&apos;Ord. di Vallombrosa. Nel quale chiarissimamente, e con breuit ̉si scuoprono tutti i misteriosi significati dell&apos;edificio della chiesa, hore canon. e messa, delle parti loro, e cirimonie. Con vno trattatello di diuotissime orationi</subfield>
  </datafield>
  <datafield tag="210" ind1=" " ind2=" ">
    <subfield code="a">In Rauenna</subfield>
    <subfield code="c">per Pietro Giouannello</subfield>
    <subfield code="d">1595</subfield>
    <subfield code="e">Rauennae</subfield>
    <subfield code="g">apud Petrum</subfield>
    <subfield code="h">&amp; Camill. fr. de Ioannellis</subfield>
    <subfield code="h">1595</subfield>
  </datafield>
  <datafield tag="215" ind1=" " ind2=" ">
    <subfield code="a">95, \1!, 95-102 \i.e. 104!, \8! c.</subfield>
    <subfield code="d">8ʻ</subfield>
  </datafield>
  <datafield tag="620" ind1=" " ind2=" ">
    <subfield code="a">IT</subfield>
    <subfield code="d">Ravenna</subfield>
  </datafield>
  <datafield tag="700" ind1=" " ind2="1">
    <subfield code="a">Minucci,</subfield>
    <subfield code="b">Genesio</subfield>
    <subfield code="3">IT\ICCU\CNCA\027758</subfield>
  </datafield>
  <datafield tag="712" ind1="0" ind2="0">
    <subfield code="a">Giovannelli, Pietro</subfield>
    <subfield code="3">IT\ICCU\CNCT\001410</subfield>
    <subfield code="4">650</subfield>
  </datafield>
  <datafield tag="712" ind1="0" ind2="0">
    <subfield code="a">Giovannelli, Pietro &amp; Giovannelli, Camillo</subfield>
    <subfield code="3">IT\ICCU\CNCT\000167</subfield>
    <subfield code="4">650</subfield>
  </datafield>
  <datafield tag="791" ind1="0" ind2="0">
    <subfield code="a">Giovannello, Pietro</subfield>
    <subfield code="3">IT\ICCU\CNCT\004894</subfield>
    <subfield code="z">Giovannelli, Pietro</subfield>
  </datafield>
  <datafield tag="791" ind1="0" ind2="0">
    <subfield code="a">Giovanelli, Pietro</subfield>
    <subfield code="3">IT\ICCU\CNCT\004895</subfield>
    <subfield code="z">Giovannelli, Pietro</subfield>
  </datafield>
  <datafield tag="791" ind1="0" ind2="0">
    <subfield code="a">Giovannelli, Camillo</subfield>
    <subfield code="3">IT\ICCU\CNCT\000168</subfield>
    <subfield code="z">Giovannelli, Pietro &amp; Giovannelli, Camillo</subfield>
  </datafield>
  <datafield tag="791" ind1="0" ind2="0">
    <subfield code="a">Ioannellis, Petrus de &amp; Ioannellis, Camillus de</subfield>
    <subfield code="3">IT\ICCU\CNCT\003866</subfield>
    <subfield code="z">Giovannelli, Pietro &amp; Giovannelli, Camillo</subfield>
  </datafield>
  <datafield tag="801" ind1=" " ind2="3">
    <subfield code="a">IT</subfield>
    <subfield code="b">ICCU</subfield>
    <subfield code="c">20201115</subfield>
  </datafield>
  <datafield tag="899" ind1=" " ind2=" ">
    <subfield code="a">Biblioteca del Monastero benedettino Santa Caterina di Alessandria. Fondo Cappuccini. Cittaducale</subfield>
    <subfield code="1">RI0168</subfield>
    <subfield code="2">ZRI 09</subfield>
  </datafield>
  <datafield tag="899" ind1=" " ind2=" ">
    <subfield code="a">Biblioteca universitaria Alessandrina. Roma</subfield>
    <subfield code="1">RM0280</subfield>
    <subfield code="2">RML 01</subfield>
  </datafield>
  <datafield tag="911" ind1=" " ind2=" ">
    <subfield code="a">Sul front.</subfield>
    <subfield code="9">IT\ICCU\CNCM\002032</subfield>
  </datafield>
  <datafield tag="921" ind1=" " ind2=" ">
    <subfield code="a">IT\ICCU\CNCM\002032</subfield>
    <subfield code="b">Stella cometa con sette piccole stelle tra le punte. In cornice figurata</subfield>
    <subfield code="e">Inter omnes</subfield>
    <subfield code="c">U599</subfield>
    <subfield code="d">Dimensioni: 3 x 3,5</subfield>
    <subfield code="f">STELLA</subfield>
    <subfield code="f">INTEROMNES</subfield>
    <subfield code="f">COMETA</subfield>
    <subfield code="g">1589-1595</subfield>
  </datafield>
</record>
</collection>
